@article{bellman1952theory,
  title={On the theory of dynamic programming},
  author={Bellman, Richard},
  journal={Proceedings of the National Academy of Sciences of the United States of America},
  volume={38},
  number={8},
  pages={716},
  year={1952},
  publisher={National Academy of Sciences}
}

@article{schapire2001drifting,
  title={Drifting games},
  author={Schapire, Robert E},
  journal={Machine Learning},
  volume={43},
  number={3},
  pages={265--291},
  year={2001},
  publisher={Springer}
}

@article{popoviciu1965certaines,
  title={Sur certaines in{\'e}galit{\'e}s qui caract{\'e}risent les fonctions convexes},
  author={Popoviciu, Tiberiu},
  journal={Analele Stiintifice Univ.“Al. I. Cuza”, Iasi, Sectia Mat},
  volume={11},
  pages={155--164},
  year={1965}
}

@article{de2005divided,
  title={Divided differences},
  author={de Boor, Carl},
  journal={arXiv preprint math/0502036},
  year={2005}
}

@article{butt2016generalization,
  title={Generalization of Popoviciu-Type Inequalities Via Fink’s Identity},
  author={Butt, Saad Ihsan and Pe{\v{c}}ari{\'c}, Josip and Vukeli{\'c}, Ana},
  journal={Mediterranean journal of mathematics},
  volume={13},
  number={4},
  pages={1495--1511},
  year={2016},
  publisher={Springer}
}

@article{freund2002drifting,
  title={Drifting games and Brownian motion},
  author={Freund, Yoav and Opper, Manfred},
  journal={Journal of Computer and System Sciences},
  volume={64},
  number={1},
  pages={113--132},
  year={2002},
  publisher={Elsevier}
}

@article{chaudhuri2009parameter,
  title={A parameter-free hedging algorithm},
  author={Chaudhuri, Kamalika and Freund, Yoav and Hsu, Daniel},
  journal={arXiv preprint arXiv:0903.2851},
  year={2009}
}

@inproceedings{luo2015achieving,
  title={Achieving all with no parameters: Adanormalhedge},
  author={Luo, Haipeng and Schapire, Robert E},
  booktitle={Conference on Learning Theory},
  pages={1286--1304},
  year={2015},
  organization={PMLR}
}

@article{cesa1996line,
  title={On-line prediction and conversion strategies},
  author={Cesa-Bianchi, Nicolo and Freund, Yoav and Helmbold, David P and Warmuth, Manfred K},
  journal={Machine Learning},
  volume={25},
  number={1},
  pages={71--110},
  year={1996},
  publisher={Springer}
}